<record xmlns="http://www.loc.gov/MARC21/slim" xmlns:xsi="http://www.w3.org/2001/XMLSchema-instance" xsi:schemaLocation="http://www.loc.gov/MARC21/slim http://www.loc.gov/standards/marcxml/schema/MARC21slim.xsd"><leader>     nam a22        4500</leader><controlfield tag="001">3072837</controlfield><controlfield tag="003">NNC</controlfield><controlfield tag="006">m        d        </controlfield><controlfield tag="007">cr cn |||m|||a</controlfield><controlfield tag="008">150601s1936    le h    ob    001 0carard</controlfield><datafield ind1=" " ind2=" " tag="040"><subfield code="a">NNU</subfield><subfield code="b">eng</subfield><subfield code="e">rda</subfield><subfield code="c">NNU</subfield></datafield><datafield ind1="0" ind2=" " tag="041"><subfield code="a">ara</subfield><subfield code="a">fre</subfield></datafield><datafield ind1=" " ind2=" " tag="043"><subfield code="a">a-iq---</subfield></datafield><datafield ind1=" " ind2="4" tag="050"><subfield code="a">PJ6068.I7</subfield><subfield code="b">S5 1936</subfield></datafield><datafield ind1="0" ind2=" " tag="092"><subfield code="a">492.7092</subfield><subfield code="2">21</subfield></datafield><datafield ind1="1" ind2=" " tag="100"><subfield code="6">880-01</subfield><subfield code="a">Si&#772;ra&#772;fi&#772;, al-H&#803;asan ibn &#699;Abd Alla&#772;h,</subfield><subfield code="d">approximately 893-approximately 979.</subfield></datafield><datafield ind1="1" ind2="0" tag="240"><subfield code="6">880-02</subfield><subfield code="a">Akhba&#772;r al-nah&#803;wi&#772;yi&#772;n al-Bas&#803;ri&#772;yi&#772;n</subfield></datafield><datafield ind1="1" ind2="0" tag="245"><subfield code="6">880-03</subfield><subfield code="a">Kita&#772;b Akhba&#772;r al-nah&#803;wi&#772;yi&#772;n al-Bas&#803;ri&#772;yi&#772;n /</subfield><subfield code="c">ta&#700;li&#772;f Abi&#772; Sa&#699;i&#772;d al-H&#803;asan ibn &#699;Abd Alla&#772;h al-Si&#772;ra&#772;fi&#772; ; i&#699;tana&#769; bi-nashrih wa-tahdhi&#772;bih Fri&#772;tis Karankaw.</subfield></datafield><datafield ind1="1" ind2=" " tag="246"><subfield code="i">Title on added t.p.:</subfield><subfield code="a">Biographies des grammairiens de l'e&#769;cole de Basra</subfield></datafield><datafield ind1=" " ind2=" " tag="260"><subfield code="6">880-04</subfield><subfield code="a">Bayru&#772;t :</subfield><subfield code="b">Al-Mat&#803;ba&#699;ah al-Ka&#772;thu&#772;li&#772;ki&#772;yah ;</subfield><subfield code="a">Pa&#772;ri&#772;s :</subfield><subfield code="b">Pawl Guthnar,</subfield><subfield code="c">1936.</subfield></datafield><datafield ind1=" " ind2=" " tag="300"><subfield code="a">online resource (116, ix pages) :</subfield><subfield code="b">facsimiles</subfield></datafield><datafield ind1=" " ind2=" " tag="336"><subfield code="a">text</subfield><subfield code="2">rdacontent</subfield></datafield><datafield ind1=" " ind2=" " tag="337"><subfield code="a">computer</subfield><subfield code="2">rdamedia</subfield></datafield><datafield ind1=" " ind2=" " tag="338"><subfield code="a">online resource</subfield><subfield code="2">rdacarrier</subfield></datafield><datafield ind1="1" ind2=" " tag="490"><subfield code="6">880-05</subfield><subfield code="a">Khiza&#772;nat al-kutub al-&#699;Arabi&#772;yah ;</subfield><subfield code="v">9</subfield></datafield><datafield ind1="1" ind2=" " tag="490"><subfield code="6">880-06</subfield><subfield code="a">Nashara&#772;t Ma&#699;had al-Maba&#772;h&#803;ith al-Sharqi&#772;yah bi-al-Jaza&#772;&#700;ir</subfield></datafield><datafield ind1=" " ind2=" " tag="500"><subfield code="a">Part of the Arabic Collections Online (ACO) project, contributed by Columbia University Libraries.</subfield></datafield><datafield ind1=" " ind2=" " tag="533"><subfield code="a">Electronic reproduction.</subfield><subfield code="b">New York, N.Y. :</subfield><subfield code="c">New York University,</subfield><subfield code="d">2015.</subfield><subfield code="5">NNU</subfield></datafield><datafield ind1=" " ind2=" " tag="546"><subfield code="a">Introd. in French.</subfield></datafield><datafield ind1=" " ind2=" " tag="500"><subfield code="a">Series on added t.p.: Bibliotheca arabica / publie&#769;e par l'Institut d'e&#769;tudes orientales, Faculte&#769; des lettres d'Alger.</subfield></datafield><datafield ind1=" " ind2=" " tag="504"><subfield code="a">Includes bibliographical references.</subfield></datafield><datafield ind1=" " ind2="0" tag="650"><subfield code="a">Arabic language</subfield><subfield code="x">Study and teaching</subfield><subfield code="z">Iraq</subfield><subfield code="z">Bas&#803;rah</subfield><subfield code="x">History.</subfield></datafield><datafield ind1=" " ind2="7" tag="650"><subfield code="a">Grammairiens</subfield><subfield code="z">Irak</subfield><subfield code="z">Basra</subfield><subfield code="v">Biographie.</subfield><subfield code="2">ram</subfield></datafield><datafield ind1=" " ind2="7" tag="650"><subfield code="a">E&#769;cole de Bas&#803;ra (grammaire)</subfield><subfield code="x">Histoire.</subfield><subfield code="2">ram</subfield></datafield><datafield ind1=" " ind2="7" tag="650"><subfield code="a">Arabic language</subfield><subfield code="x">Study and teaching.</subfield><subfield code="2">fast</subfield><subfield code="0">(OCoLC)fst00812429</subfield></datafield><datafield ind1=" " ind2="7" tag="651"><subfield code="a">Iraq</subfield><subfield code="z">Bas&#803;rah.</subfield><subfield code="2">fast</subfield><subfield code="0">(OCoLC)fst01210191</subfield></datafield><datafield ind1=" " ind2="7" tag="655"><subfield code="a">History.</subfield><subfield code="2">fast</subfield><subfield code="0">(OCoLC)fst01411628</subfield></datafield><datafield ind1="1" ind2=" " tag="700"><subfield code="6">880-07</subfield><subfield code="a">Krenkow, F.</subfield><subfield code="q">(Fritz),</subfield><subfield code="d">1872-1953.</subfield></datafield><datafield ind1="2" ind2=" " tag="710"><subfield code="a">Columbia University.</subfield><subfield code="b">Libraries.</subfield></datafield><datafield ind1="0" ind2=" " tag="730"><subfield code="a">Arabic Collections Online.</subfield></datafield><datafield ind1="0" ind2="8" tag="776"><subfield code="i">Online version:</subfield><subfield code="a">Si&#772;ra&#772;fi&#772;, al-H&#803;asan ibn &#699;Abd Alla&#772;h, approximately 893-approximately 979.</subfield><subfield code="s">Akhba&#772;r al-nah&#803;wi&#772;yi&#772;n al-Bas&#803;ri&#772;yi&#772;n.</subfield><subfield code="t">Kita&#772;b Akhba&#772;r al-nah&#803;wi&#772;yi&#772;n al-Bas&#803;ri&#772;yi&#772;n.</subfield><subfield code="d">Bayru&#772;t : Al-Mat&#803;ba&#699;ah al-Ka&#772;thu&#772;li&#772;ki&#772;yah ; Pa&#772;ri&#772;s : Pawl Guthnar, 1936</subfield><subfield code="w">(OCoLC)590316159</subfield></datafield><datafield ind1="0" ind2="8" tag="776"><subfield code="i">Online version:</subfield><subfield code="a">Si&#772;ra&#772;fi&#772;, al-H&#803;asan ibn &#699;Abd Alla&#772;h, approximately 893-approximately 979.</subfield><subfield code="s">Akhba&#772;r al-nah&#803;wi&#772;yi&#772;n al-Bas&#803;ri&#772;yi&#772;n.</subfield><subfield code="t">Kita&#772;b Akhba&#772;r al-nah&#803;wi&#772;yi&#772;n al-Bas&#803;ri&#772;yi&#772;n.</subfield><subfield code="d">Bayru&#772;t : Al-Mat&#803;ba&#699;ah al-Ka&#772;thu&#772;li&#772;ki&#772;yah ; Pa&#772;ri&#772;s : Pawl Guthnar, 1936</subfield><subfield code="w">(OCoLC)616367458</subfield></datafield><datafield ind1="0" ind2="8" tag="776"><subfield code="i">Print version:</subfield><subfield code="a">Si&#772;ra&#772;fi&#772;, al-H&#803;asan ibn &#699;Abd Alla&#772;h, approximately 893-approximately 979.</subfield><subfield code="t">Kita&#772;b Akhba&#772;r al-nah&#803;wi&#772;yi&#772;n al-Bas&#803;ri&#772;yi&#772;n</subfield><subfield code="w">(NNC)3072837</subfield><subfield code="w">(OCoLC)9114736</subfield></datafield><datafield ind1=" " ind2="0" tag="830"><subfield code="6">880-08</subfield><subfield code="a">Khiza&#772;nat al-kutub al-&#699;Arabi&#772;yah ;</subfield><subfield code="v">9.</subfield></datafield><datafield ind1=" " ind2="0" tag="830"><subfield code="6">880-09</subfield><subfield code="a">Nashara&#772;t Ma&#699;had al-Maba&#772;h&#803;ith al-Sharqi&#772;yah bi-al-Jaza&#772;&#700;ir</subfield></datafield><datafield ind1="4" ind2="0" tag="856"><subfield code="u">http://hdl.handle.net/2333.1/jh9w0z6b</subfield></datafield><datafield ind1="1" ind2=" " tag="880"><subfield code="6">100-01/r</subfield><subfield code="a">&#1587;&#1610;&#1585;&#1575;&#1601;&#1610;&#1548; &#1575;&#1604;&#1581;&#1587;&#1606; &#1576;&#1606; &#1593;&#1576;&#1583; &#1575;&#1604;&#1604;&#1607;&#1548;,</subfield><subfield code="d">approximately 893-approximately 979.</subfield></datafield><datafield ind1="1" ind2="0" tag="880"><subfield code="6">240-02/r</subfield><subfield code="a">&#1571;&#1582;&#1576;&#1575;&#1585; &#1575;&#1604;&#1606;&#1581;&#1608;&#1610;&#1610;&#1606; &#1575;&#1604;&#1576;&#1589;&#1585;&#1610;&#1610;&#1606;</subfield></datafield><datafield ind1="1" ind2="0" tag="880"><subfield code="6">245-03/r</subfield><subfield code="a">&#1603;&#1578;&#1575;&#1576; &#1571;&#1582;&#1576;&#1575;&#1585; &#1575;&#1604;&#1606;&#1581;&#1608;&#1610;&#1610;&#1606; &#1575;&#1604;&#1576;&#1589;&#1585;&#1610;&#1610;&#1606; /</subfield><subfield code="c">&#1578;&#1571;&#1604;&#1610;&#1601; &#1571;&#1576;&#1610; &#1587;&#1593;&#1610;&#1583; &#1575;&#1604;&#1581;&#1587;&#1606; &#1576;&#1606; &#1593;&#1576;&#1583; &#1575;&#1604;&#1604;&#1607; &#1575;&#1604;&#1587;&#1610;&#1585;&#1575;&#1601;&#1610; &#1563; &#1573;&#1593;&#1578;&#1606;&#1609; &#1576;&#1606;&#1588;&#1585;&#1607; &#1608;&#1578;&#1607;&#1584;&#1610;&#1576;&#1607; &#1601;&#1585;&#1610;&#1578;&#1587; &#1603;&#1585;&#1606;&#1603;&#1608;.</subfield></datafield><datafield ind1=" " ind2=" " tag="880"><subfield code="6">260-04/r</subfield><subfield code="a">&#1576;&#1610;&#1585;&#1608;&#1578; :</subfield><subfield code="b">&#1575;&#1604;&#1605;&#1591;&#1576;&#1593;&#1577; &#1575;&#1604;&#1603;&#1575;&#1579;&#1608;&#1604;&#1610;&#1603;&#1610;&#1577; &#1563;</subfield><subfield code="a">&#1662;&#1575;&#1585;&#1610;&#1587; :</subfield><subfield code="b">&#1662;&#1608;&#1604; &#1711;&#1579;&#1606;&#1585;&#1548;</subfield><subfield code="c">1936.</subfield></datafield><datafield ind1="1" ind2=" " tag="880"><subfield code="6">490-05/r</subfield><subfield code="a">&#1582;&#1586;&#1575;&#1606;&#1577; &#1575;&#1604;&#1603;&#1578;&#1576; &#1575;&#1604;&#1593;&#1585;&#1576;&#1610;&#1577; &#1563;</subfield><subfield code="v">9</subfield></datafield><datafield ind1="1" ind2=" " tag="880"><subfield code="6">490-06/r</subfield><subfield code="a">&#1606;&#1588;&#1585;&#1575;&#1578; &#1605;&#1593;&#1607;&#1583; &#1575;&#1604;&#1605;&#1576;&#1575;&#1581;&#1579; &#1575;&#1604;&#1588;&#1585;&#1602;&#1610;&#1577; &#1576;&#1575;&#1604;&#1580;&#1586;&#1575;&#1574;&#1585;'</subfield></datafield><datafield ind1="1" ind2=" " tag="880"><subfield code="6">700-07/r</subfield><subfield code="a">&#1603;&#1585;&#1606;&#1603;&#1608;&#1548; &#1601;&#1585;&#1610;&#1578;&#1587;&#1548;,</subfield><subfield code="d">1872-1953.</subfield></datafield><datafield ind1=" " ind2="0" tag="880"><subfield code="6">830-08/r</subfield><subfield code="a">&#1582;&#1586;&#1575;&#1606;&#1577; &#1575;&#1604;&#1603;&#1578;&#1576; &#1575;&#1604;&#1593;&#1585;&#1576;&#1610;&#1577; &#1563;</subfield><subfield code="v">9.</subfield></datafield><datafield ind1=" " ind2="0" tag="880"><subfield code="6">830-09/r</subfield><subfield code="a">&#1606;&#1588;&#1585;&#1575;&#1578; &#1605;&#1593;&#1607;&#1583; &#1575;&#1604;&#1605;&#1576;&#1575;&#1581;&#1579; &#1575;&#1604;&#1588;&#1585;&#1602;&#1610;&#1577; &#1576;&#1575;&#1604;&#1580;&#1586;&#1575;&#1574;&#1585;</subfield></datafield><datafield ind1=" " ind2=" " tag="959"><subfield code="a">NNU</subfield><subfield code="b">WEB</subfield><subfield code="c">GENI</subfield><subfield code="t">0</subfield><subfield code="m">Electronic access</subfield><subfield code="s">01</subfield></datafield><datafield ind1=" " ind2=" " tag="999"><subfield code="i">NNC_3072837</subfield><subfield code="o">(OCoLC)ocm09114736</subfield><subfield code="s">columbia_aco000558</subfield><subfield code="e">(ERROR-880)(ERROR-SERIES)</subfield><subfield code="s">columbia_aco000558</subfield></datafield></record>